@article{maarten,AN INTRODUCTION TO MODULI SPACES OF CURVES
MAARTEN HOEVE
https://pub.math.leidenuniv.nl/~strengtc/modular/maarten.pdf}

@article{Construction of Moduli Spaces
and Geometric Invariant Theory, title={The Construction of Moduli Spaces
and Geometric Invariant Theory},
  author={DINAMO DJOUNVOUNA},
  publisher={STELLENBOSH UNIVERSITY
UNIVERSITÀ DEGLI STUDI DI PADOVA
MASTERS THESIS }
} 



@article{kass2015singular,
  title={Singular curves and their compactified {J}acobians},
  author={Kass, Jesse Leo},
  journal={arXiv:1508.07644},
  year={2015}
}

@book{liu2006algebraic,
  title={Algebraic Geometry and Arithmetic Curves},
  author={Liu, Qing and Erne, Reinie},
  volume={6},
  year={2006},
  publisher={Oxford University Press}
}



@article{etu,
  title={AN ALGORITHM FOR DERIVING CHARACTERISTIC POLYNOMIALS OF
HYPERPLANE ARRANGEMENTS},
  author={Eric Etu},
  year={2007}
}


@misc{milneAV,
author={Milne, James S.},
title={Abelian Varieties (v2.00)},
year={2008},
note={www.jmilne.org/math/},
pages={166+vi}
}

@article{kass2019stability,
  title={The stability space of compactified universal {J}acobians},
  author={Kass, Jesse and Pagani, Nicola},
  journal={Transactions of the American Mathematical Society},
  volume={372},
  number={7},
  pages={4851--4887},
  year={2019}
}

@book{withoutlossuni,url={https://wlou.blog/2019/06/27/a-brief-introduction-to-categories-part-5-universal-properties-and-representable-functors/}}


@book{balaji2010introduction,
  title={An introduction to families, deformations and moduli},
  author={Balaji, TE Venkata},
  year={2010},
  publisher={Universit{\"a}tsverlag G{\"o}ttingen}
}

@book{eisenbud2000geometry,
  title={The Geometry of Schemes $\{$Graduate Texts in Mathematics; 197$\}$},
  author={Eisenbud, David and Harris, Joe},
  year={2000},
  publisher={Springer-Verlag New York Incorporated}
}

@article{kleiman2005picard,
  title={The {P}icard scheme},
  author={Kleiman, Steven L},
  journal={},
  year={2005}
}

@book{lazarsfeld2017positivity,
  title={Positivity in algebraic geometry I: Classical setting: line bundles and linear series},
  author={Lazarsfeld, Robert K},
  volume={48},
  year={2017},
  publisher={Springer}
}

@article{stanley2004introduction,
  title={An introduction to hyperplane arrangements},
  author={Stanley, Richard P and others},
  journal={Geometric combinatorics},
  volume={13},
  pages={389--496},
  year={2004}
}

@article{migliorini2015support,
  title={A support theorem for {H}ilbert schemes of planar curves, II},
  author={Migliorini, Luca and Shende, Vivek and Viviani, Filippo},
  journal={arXiv:1508.07602},
  year={2015}
}

@book{gortz2010algebraic,
  title={Algebraic geometry},
  author={G{\"o}rtz, Ulrich and Wedhorn, Torsten},
  year={2010},
  publisher={Springer}
}

@book{grothendieck1962fondements,
  title={Fondements de la g{\'e}om{\'e}trie alg{\'e}brique: extraits du S{\'e}minaire Bourbaki, 1957-1962},
  author={Grothendieck, Alexandre},
  year={1962},
  publisher={Secr{\'e}tariat math{\'e}matique}
}

@article{altman1980compactifying,
  title={Compactifying the {P}icard scheme},
  author={Altman, Allen B and Kleiman, Steven L},
  journal={Advances in Mathematics},
  volume={35},
  number={1},
  pages={50--112},
  year={1980},
  publisher={Academic Press}
}

@article{deligne1969irreducibility,
  title={The irreducibility of the space of curves of given genus},
  author={Deligne, Pierre and Mumford, David},
  journal={Publications Math{\'e}matiques de l'IHES},
  volume={36},
  pages={75--109},
  year={1969}
}


 @book{arbarello2011geometry,
     title={Geometry of algebraic curves: volume II with a contribution by Joseph Daniel Harris},
     author={Arbarello, Enrico and Cornalba, Maurizio and Griffiths, Phillip},
     volume={268},
     year={2011},
     publisher={Springer Science \& Business Media}
    }
    
    @book{harris2006moduli,
  title={Moduli of curves},
  author={Harris, Joe and Morrison, Ian},
  volume={187},
  year={2006},
  publisher={Springer Science \& Business Media}
}


@book{leticiamoduli,
  title={Moduli spaces},
  author={  Leticia Brambila-Paz, Oscar Garc{\'\i}a-Prada, Peter Newstead},
  volume={411},
  year={2014},
  publisher={Cambridge University Press}
}

@book{mumford1999red,
  title={The red book of varieties and schemes: includes the Michigan lectures (1974) on curves and their {J}acobians},
  author={Mumford, David},
  volume={1358},
  year={1999},
  publisher={Springer Science \& Business Media}
}

@book{mumford1975curves,
  title={Curves and their {J}acobians},
  author={Mumford},
  year={1975},
  publisher={University of Michigan Press Ann Arbor}
}

@book{smith2014introduction,
  title={Introduction to Algebraic Geometry},
  author={Smith, Justin R},
  year={2014},
  publisher={Justin Smith}
}

@article{vakil2017rising,
  title={The rising sea: Foundations of algebraic geometry},
  author={Vakil, Ravi},
  journal={preprint},
  year={2017}
}


@book{griffiths2014principles,
  title={Principles of algebraic geometry},
  author={Griffiths, Phillip and Harris, Joseph},
  year={2014},
  publisher={John Wiley \& Sons}
}

@book{miranda1995algebraic,
  title={Algebraic curves and Riemann surfaces},
  author={Miranda, Rick},
  volume={5},
  year={1995},
  publisher={American Mathematical Soc.}
}

@book{shafarevich2013basic,
  title={Basic algebraic geometry 2: schemes and complex manifolds},
  author={Shafarevich, Igor R},
  year={2013},
  publisher={Springer Science \& Business Media}
}

@book{shafarevich1994basic,
  title={Basic algebraic geometry},
  author={Shafarevich, Igorʹ Rostislavovich and Reid, Miles},
  volume={2},
  year={1994},
  publisher={Springer}
}



 
@techreport{Migliorini2015ACURVES,
    title = {{A SUPPORT THEOREM FOR HILBERT SCHEMES OF PLANAR CURVES}},
    year = {2015},
    author = {Migliorini, Luca and Shende, Vivek},
    arxivId = {1107.2355v2}
}

@techreport{Migliorini2018AII,
    title = {{A SUPPORT THEOREM FOR HILBERT SCHEMES OF PLANAR CURVES, II}},
    year = {2018},
    author = {Migliorini, Luca and Shende, Vivek and Viviani, Filippo},
    isbn = {1508.07602v2},
    arxivId = {1508.07602v2}
}

@article{Ehrenborg2008AffineArrangements,
    title = {{Affine and toric hyperplane arrangements}},
    year = {2008},
    journal = {Discrete and Computational Geometry},
    author = {Ehrenborg, Richard and Readdy, Margaret and Slone, Michael},
    number = {4},
    month = {10},
    pages = {481--512},
    volume = {41},
    url = {http://arxiv.org/abs/0810.0295 http://dx.doi.org/10.1007/s00454-009-9134-x},
    doi = {10.1007/s00454-009-9134-x},
}

@techreport{2007ANOn,
    title = {{AN INTRODUCTION TO MODULI SPACES OF CURVES MAARTEN HOEVE ABSTRACT. Notes for a talk in the seminar on modular forms and moduli spaces in Leiden on}},
    year = {2007}
}

@techreport{Melo2016COMPACTIFICATIONSPOINTS,
    title = {{COMPACTIFICATIONS OF THE UNIVERSAL JACOBIAN OVER CURVES WITH MARKED POINTS}},
    year = {2016},
    author = {Melo, Margarida},
    arxivId = {1509.06177v3}
}

@techreport{Nitsure2005ConstructionSchemes,
    title = {{Construction of Hilbert and Quot Schemes}},
    year = {2005},
    author = {Nitsure, Nitin}
}

@article{Lawrence2011EnumerationArrangements,
    title = {{Enumeration in torus arrangements}},
    year = {2011},
    journal = {European Journal of Combinatorics},
    author = {Lawrence, Jim},
    number = {6},
    month = {8},
    pages = {870--881},
    volume = {32},
    publisher = {Academic Press},
    doi = {10.1016/j.ejc.2011.02.003},
    issn = {01956698}
}

@article{ChenTHEARRANGEMENTS,
    title = {{THE FACES OF TORIC ARRANGEMENTS}},
    author = {Chen, Junshan and Yao, Amanda and Bibby, Christin}
}

@techreport{DeligneTheGenus,
    title = {{The irreducibility of the space of curves of given genus}},
    author = {Deligne, Pierre and Mumford, David},
    url = {www.ihes.fr/IHES/Publications/Publications.html}
}

@techreport{Corti1997TheCurves,
    title = {{The Moduli Space of Curves}},
    year = {1997},
    author = {Corti, Alessio}
}

@article{Javanpeykar2020TheVarieties,
    title = {{The Shafarevich conjecture revisited: Finiteness of pointed families of polarized varieties}},
    year = {2020},
    author = {Javanpeykar, Ariyan and Sun, Ruiran and Zuo, Kang},
    month = {5},
    url = {http://arxiv.org/abs/2005.05933},
    arxivId = {2005.05933}
}

